@ARTICLE{Yonekura2019,
       author = {{Yonekura}, Kazuya},
        title = "{On the Cobordism Classification of Symmetry Protected Topological Phases}",
      journal = {Communications in Mathematical Physics},
     keywords = {High Energy Physics - Theory, Condensed Matter - Strongly Correlated Electrons, Mathematical Physics, Mathematics - Algebraic Topology},
         year = 2019,
        month = jun,
       volume = {368},
       number = {3},
        pages = {1121-1173},
          doi = {10.1007/s00220-019-03439-y},
archivePrefix = {arXiv},
       eprint = {1803.10796},
 primaryClass = {hep-th},
       adsurl = {https://ui.adsabs.harvard.edu/abs/2019CMaPh.368.1121Y},
      adsnote = {Provided by the SAO/NASA Astrophysics Data System}
},

@ARTICLE{HalvorsonMuger2006,
       author = {{Halvorson}, Hans and {Mueger}, Michael},
        title = "{Algebraic Quantum Field Theory}",
      journal = {arXiv e-prints},
     keywords = {Mathematical Physics, Mathematics - Mathematical Physics},
         year = 2006,
        month = feb,
          eid = {math-ph/0602036},
        pages = {math-ph/0602036},
          doi = {10.48550/arXiv.math-ph/0602036},
archivePrefix = {arXiv},
       eprint = {math-ph/0602036},
 primaryClass = {math-ph},
       adsurl = {https://ui.adsabs.harvard.edu/abs/2006math.ph...2036H},
      adsnote = {Provided by the SAO/NASA Astrophysics Data System}
},

@article{Witten1989quantum,
  title={Quantum field theory and the Jones polynomial},
  author={Witten, Edward},
  journal={Communications in Mathematical Physics},
  volume={121},
  number={3},
  pages={351--399},
  year={1989},
  publisher={Springer}
},

@article{Fadell1961braid,
  title={On the braid groups of E2 and S2},
  author={Fadell, Edward and Van Buskirk, James},
  journal={Bull. Amer. Math. Soc},
  volume={67},
  pages={211--213},
  year={1961}
},

@article{Tillmann1996classifying,
  title={The classifying space of the 1+ 1 dimensional cobordism category.},
  author={Tillmann, Ulrike},
  year={1996},
  publisher={Walter de Gruyter, Berlin/New York Berlin, New York}
},

@article{Tillmann1997homotopy,
  title={On the homotopy of the stable mapping class group},
  author={Tillmann, Ulrike},
  journal={Inventiones mathematicae},
  volume={130},
  pages={257--275},
  year={1997},
  publisher={Springer}
},

@article{Atiyah1988tqft,
     author = {Atiyah, Michael F.},
     title = {Topological quantum field theory},
     journal = {Publications Math\'ematiques de l'IH\'ES},
     pages = {175--186},
     publisher = {Institut des Hautes \'Etudes Scientifiques},
     volume = {68},
     year = {1988},
     zbl = {0692.53053},
     mrnumber = {1001453},
     language = {en},
     url = {http://www.numdam.org/item/PMIHES_1988__68__175_0/}
},

@ARTICLE{Dijkgraaf1997string,
       author = {{Dijkgraaf}, R.},
        title = "{Les Houches Lectures on Fields, Strings and Duality}",
      journal = {arXiv e-prints},
     keywords = {High Energy Physics - Theory},
         year = 1997,
        month = mar,
          eid = {hep-th/9703136},
        pages = {hep-th/9703136},
          doi = {10.48550/arXiv.hep-th/9703136},
archivePrefix = {arXiv},
       eprint = {hep-th/9703136},
 primaryClass = {hep-th},
       adsurl = {https://ui.adsabs.harvard.edu/abs/1997hep.th....3136D},
      adsnote = {Provided by the SAO/NASA Astrophysics Data System}
},

@article{Aharonov1984,
  title = {Topological Quantum Effects for Neutral Particles},
  author = {Aharonov, Y. and Casher, A.},
  journal = {Phys. Rev. Lett.},
  volume = {53},
  issue = {4},
  pages = {319--321},
  numpages = {0},
  year = {1984},
  month = {Jul},
  publisher = {American Physical Society},
  doi = {10.1103/PhysRevLett.53.319},
  url = {https://link.aps.org/doi/10.1103/PhysRevLett.53.319}
},

@article{ATIYAH1990framing,
title = {On framings of 3-manifolds},
journal = {Topology},
volume = {29},
number = {1},
pages = {1-7},
year = {1990},
issn = {0040-9383},
doi = {https://doi.org/10.1016/0040-9383(90)90021-B},
url = {https://www.sciencedirect.com/science/article/pii/004093839090021B},
author = {Michael Atiyah}
},

@misc{Simon2021,
  title={Topological Quantum: Lecture Notes and Proto-Book},
  author={Steven Simon},
  year={2021},
  note={Available at \url{http://www-thphys.physics.ox.ac.uk/people/SteveSimon/topological2021/TopoBook-Sep28-2021.pdf}}
},

@misc{David2018gt,
  title={Gauge Theory},
  author={David Tong},
  year={2018},
  note={Available at \url{https://www.damtp.cam.ac.uk/user/tong/gaugetheory/gt.pdf}}
},

@book{Davis2001lecture,
  title={Lecture notes in algebraic topology},
  author={Davis, James F and Kirk, Paul},
  volume={35},
  year={2001},
  publisher={American Mathematical Society Providence}
},

@book{Hatcher2005,
  title={Algebraic topology},
  author={Hatcher, Allen},
  year={2005},
  url={https://pi.math.cornell.edu/~hatcher/AT/ATpage.html}
},

@book{Freed2019lectures,
  title={Lectures on field theory and topology},
  author={Freed, Daniel S},
  volume={133},
  year={2019},
  publisher={American Mathematical Soc.}
},

@book{Kochman1996bordism,
  title={Bordism, stable homotopy and Adams spectral sequences},
  author={Kochman, Stanley O},
  volume={7},
  year={1996},
  publisher={American Mathematical Soc.}
},

@book{Adams1994knot,
  title={The knot book},
  author={Adams, Colin C},
  year={1994},
  publisher={American Mathematical Soc.}
},

@book{Kauffman2001knots,
  title={Knots and physics},
  author={Kauffman, Louis H},
  volume={1},
  year={2001},
  publisher={World scientific}
},

@book{Fadell2000geometry,
  title={Geometry and topology of configuration spaces},
  author={Fadell, Edward R and Husseini, Sufian Y},
  year={2000},
  publisher={Springer Science \& Business Media}
},

@book{Sakamoto2014qft1,
  title={場の量子論 (I): 不変性と自由場を中心にして},
  author={坂本眞人},
  publisher={裳華房},
  year={2014}
},

@book{Sakamoto2020qft2,
  title={場の量子論 (II): ファインマン・グラフとくりこみを中心にして},
  author={坂本眞人},
  publisher={裳華房},
  year={2020}
},

@book{Kugo1989qft1,
  title={ゲージ場の量子論 I},
  author={九後汰一郎},
  journal={培風館},
  year={1989}
},

@book{Kugo1989qft2,
  title={ゲージ場の量子論 II},
  author={九後汰一郎},
  journal={培風館},
  year={1989}
},

@book{Fujikawa2001path,
  title={経路積分と対称性の量子的破れ},
  author={藤川和男},
  publisher={岩波書店},
  year={2001}
},

@book{Nakahara2018topo1,
  title={\rm{}理論物理学のための幾何学とトポロジー\rm{I} 原著第\rm{2}版},
  author={中原幹夫 and 佐久間一浩},
  publisher={日本評論社},
  year={2018}
},

@book{Nakahara2018topo2,
  title={理論物理学のための幾何学とトポロジー\rm{II} 原著第\rm{2}版},
  author={中原幹夫 and 久木田真吾 and 佐久間一浩 and 綿村尚毅},
  publisher={日本評論社},
  year={2021}
},

@book{Murakami2019knot,
  title={結び目理論入門 上},
  author={村上斉},
  publisher = {岩波書店},
  year = {2019}
},

@book{Kawazumi2022topo1,
  title={トポロジーの基礎 上},
  author={河澄響矢},
  publisher = {東京大学出版会},
  year={2022}
},

@book{Kawazumi2022topo2,
  title={トポロジーの基礎 下},
  author={河澄響矢},
  publisher = {東京大学出版会},
  year={2022}
},

@book{Imai2013diff,
  title={微分幾何学},
  author={今野宏},
  publisher = {東京大学出版会},
  year={2013}
},

@book{Morita2005diff,
  title={微分形式の幾何学},
  author={森田茂之},
  publisher = {岩波書店},
  year={2005}
},

@book{Motegi2022Dehn,
  title={デーン手術：3次元トポロジーへのとびら},
  author={茂手木公彦},
  publisher = {共立出版},
  year={2022}
},

@book{Zhang2001Chern-Weil,
  title={Lectures on Chern-Weil theory and Witten deformations},
  author={Zhang, Weiping},
  volume={4},
  year={2001},
  publisher={World Scientific}
},

@book{Lee2012smooth,
  title={Introduction to Smooth Manifolds},
  author={John. M. Lee},
  year={2012},
  publisher={Springer}
},

@book{Tu2017differential,
  title={Differential geometry: connections, curvature, and characteristic classes},
  author={Tu, Loring W},
  volume={275},
  year={2017},
  publisher={Springer}
}
